@book{langsci-current-book, author = {Roland Schäfer}, title = {{Einführung in die grammatische Beschreibung des Deutschen}}, subtitle = {{Vierte Auflage}},year = {2024}, series = {Textbooks in Language Sciences}, number = {2}, location = {Berlin}, publisher = {Language Science Press}, options = {dataonly=true} } 
